
@book{austin_cottrell_isogeometric_2009,
	title = {Isogeometric {Analysis}: {Toward} integration of {CAD} and {FEA}},
	isbn = {0-470-74873-7},
	author = {Austin Cottrell, J and J. R. Hughes, Thomas and Bazilevs, Yuri},
	month = sep,
	year = {2009},
	note = {DOI: 10.1002/9780470749081.ch7}
}

@article{de_boor_calculating_1972,
	title = {On calculating with {B}-splines},
	volume = {6},
	issn = {0021-9045},
	number = {1},
	journal = {Journal of Approximation Theory},
	author = {de Boor, Carl},
	month = jul,
	year = {1972},
	pages = {50--62}
}

@book{piegl_nurbs_2012,
	title = {The {NURBS} book},
	publisher = {Springer Science \& Business Media},
	author = {Piegl, Les and Tiller, Wayne},
	year = {2012}
}

@article{hughes_isogeometric_2005,
	title = {Isogeometric analysis: {CAD}, finite elements, {NURBS}, exact geometry and mesh refinement},
	volume = {194},
	issn = {0045-7825},
	number = {39},
	journal = {Computer Methods in Applied Mechanics and Engineering},
	author = {Hughes, T.J.R. and Cottrell, J.A. and Bazilevs, Y.},
	month = oct,
	year = {2005},
	keywords = {CAD, Convergence, Finite element analysis, Geometry, IGA, Mesh refinement, NURBS},
	pages = {4135--4195}
}

@article{borden_isogeometric_2011,
	title = {Isogeometric finite element data structures based on {Bézier} extraction of {NURBS}},
	volume = {87},
	issn = {1097-0207},
	url = {http://dx.doi.org/10.1002/nme.2968},
	doi = {10.1002/nme.2968},
	number = {1-5},
	journal = {International Journal for Numerical Methods in Engineering},
	author = {Borden, Michael J. and Scott, Michael A. and Evans, John A. and Hughes, Thomas J. R.},
	year = {2011},
	keywords = {Bézier extraction, Finite elements, Isogeometric analysis, NURBS},
	pages = {15--47}
}